<?xml version="1.0" encoding="UTF-8"?><record xmlns="http://www.loc.gov/MARC21/slim" xmlns:cinclude="http://apache.org/cocoon/include/1.0" xmlns:zs="http://www.loc.gov/zing/srw/">
  <leader>00770nz  a2200169n  4500</leader>
  <controlfield tag="001">n  97836587 </controlfield>
  <controlfield tag="003">DLC</controlfield>
  <controlfield tag="005">19970927094815.1</controlfield>
  <controlfield tag="008">970927n| acannaab|           n and     c</controlfield>
  <datafield tag="010" ind1=" " ind2=" ">
    <subfield code="a">n  97836587 </subfield>
  </datafield>
  <datafield tag="035" ind1=" " ind2=" ">
    <subfield code="a">(NN-PD)NN 301532467</subfield>
  </datafield>
  <datafield tag="040" ind1=" " ind2=" ">
    <subfield code="a">NN-PD</subfield>
    <subfield code="c">NN-PD</subfield>
  </datafield>
  <datafield tag="130" ind1=" " ind2="0">
    <subfield code="a">Bloodlines (Choreographic work : Page)</subfield>
  </datafield>
  <datafield tag="667" ind1=" " ind2=" ">
    <subfield code="a">Chor: Ashley Page; mus: Bruce Gilbert (computer score of machine sounds); scen &amp; cos: Deanna Petherbridge; lighting: Peter Mumford.  First perf: London, Royal Opera House, Covent Garden, Nov 29, 1990; Royal Ballet.</subfield>
  </datafield>
  <datafield tag="667" ind1=" " ind2=" ">
    <subfield code="a">Data contributed by the Dance Heritage Coalition for the New York Public Library Dance Collection.</subfield>
  </datafield>
  <datafield tag="670" ind1=" " ind2=" ">
    <subfield code="a">*MGZB  Royal Ballet, London. Program, Nov 29, 1990.</subfield>
  </datafield>
  <datafield tag="670" ind1=" " ind2=" ">
    <subfield code="a">NYPL Dict. Cat. of the Dance Coll., 1974-</subfield>
  </datafield>
</record>